@book{Hartshorne,
  title={Algebraic geometry},
  author={Hartshorne, Robin},
  volume={52},
  year={2013},
  publisher={Springer Science \& Business Media}
}

@article{EGA1,
  title={{\'E}l{\'e}ments de g{\'e}om{\'e}trie alg{\'e}brique: I. Le langage des sch{\'e}mas},
  author={Grothendieck, Alexander},
  journal={Publications Math{\'e}matiques de l'IH{\'E}S},
  volume={4},
  pages={5--228},
  year={1960}
}

@article{EGA2,
  title={{\'E}l{\'e}ments de g{\'e}om{\'e}trie alg{\'e}brique: II. {\'E}tude globale {\'e}l{\'e}mentaire de quelques classes de morphismes},
  author={Grothendieck, Alexander},
  journal={Publications Math{\'e}matiques de l'IH{\'E}S},
  volume={8},
  pages={5--222},
  year={1961}
}

@article{EGA3,
  title={{\'E}l{\'e}ments de g{\'e}om{\'e}trie alg{\'e}brique: III. {\'E}tude cohomologique des faisceaux coh{\'e}rents, premi{\`e}re partie},
  author={Grothendieck, Alexander},
  journal={Publications Math{\'e}matiques de l'IH{\'E}S},
  volume={11},
  pages={5--167},
  year={1961}
}

@book{Bourbaki_Topo1-4,
  title={General Topology: Chapters 1--4},
  author={Bourbaki, Nicolas},
  volume={18},
  year={2013},
  publisher={Springer Science \& Business Media}
}

@book{Bourbaki_LieI,
  title={Lie Groups and Lie Algebras: Chapters 1-3},
  author={Bourbaki, Nicolas},
  volume={1},
  year={1989},
  publisher={Springer Science \& Business Media}
}

@book{Bourbaki_LieII,
  title={Lie Groups and Lie Algebras: Chapters 4-6},
  author={Bourbaki, Nicolas},
  volume={2},
  year={2002},
  publisher={Springer Science \& Business Media}
}

@book{Bourbaki_LieIII,
  title={Lie groups and Lie Algebras: Chapters 7-9},
  author={Bourbaki, Nicolas},
  volume={3},
  year={2008},
  publisher={Springer Science \& Business Media}
}

@book{Bourbaki_AlgI,
  title={Algebra I: Chapters 1-3},
  author={Bourbaki, Nicolas},
  volume={1},
  year={1998},
  publisher={Springer Science \& Business Media}
}

@book{Bourbaki_AlgII,
  title={Algebra II: Chapters 4-7},
  author={Bourbaki, Nicolas},
  volume={2},
  year={2013},
  publisher={Springer Science \& Business Media}
}

@book{Bourbaki_Alg8,
  title={Algebre: Chapitre 8. Modules et anneaux semi-simples},
  author={Bourbaki, Nicolas},
  year={1958},
  publisher={Hermann}
}

@book{Bourbaki_Alg9,
author = {Bourbaki, Nicolas},
year = {2007},
month = {01},
title = {Alg√®bre: Chapitre 9},
}

@book{Bourbaki_Alg10,
  title={Algebre: Chapitre 10. Algebre homologique},
  author={Bourbaki, Nicolas},
  year={2007},
  publisher={Springer Science \& Business Media}
}

@book{Bourbaki_CA1-7,
  title={Commutative algebra: chapters 1-7},
  author={Bourbaki, Nicolas},
  year={1998},
  publisher={Springer Science \& Business Media}
}

@book{Bourbaki_CA8-9,
  title={Alg{\`e}bre commutative: Chapitres 8 et 9},
  author={Bourbaki, Nicolas},
  year={2006},
  publisher={Springer Berlin Heidelberg}
}

@book{Bourbaki_CA10,
  title={Alg{\`e}bre commutative: Chapitre 10},
  author={Bourbaki, Nicolas},
  year={2006},
  publisher={Springer Berlin Heidelberg}
}